<?xml version="1.0" encoding="UTF-8"?><record xmlns="http://www.loc.gov/MARC21/slim" xmlns:cinclude="http://apache.org/cocoon/include/1.0" xmlns:zs="http://www.loc.gov/zing/srw/">
  <leader>01977cz  a2200325n  4500</leader>
  <controlfield tag="001">no2010156803</controlfield>
  <controlfield tag="003">DLC</controlfield>
  <controlfield tag="005">20130327091001.0</controlfield>
  <controlfield tag="008">100927n| acannaabn          |a aaa     c</controlfield>
  <datafield tag="010" ind1=" " ind2=" ">
    <subfield code="a">no2010156803</subfield>
  </datafield>
  <datafield tag="035" ind1=" " ind2=" ">
    <subfield code="a">(OCoLC)oca08637707</subfield>
  </datafield>
  <datafield tag="040" ind1=" " ind2=" ">
    <subfield code="a">CaQMM</subfield>
    <subfield code="b">eng</subfield>
    <subfield code="c">CaQMM</subfield>
    <subfield code="d">CaQMM</subfield>
    <subfield code="d">DLC</subfield>
  </datafield>
  <datafield tag="046" ind1=" " ind2=" ">
    <subfield code="f">1080~</subfield>
    <subfield code="g">1164</subfield>
    <subfield code="2">edtf</subfield>
  </datafield>
  <datafield tag="100" ind1="0" ind2=" ">
    <subfield code="a">Hugh,</subfield>
    <subfield code="c">of Amiens, Archbishop of Rouen,</subfield>
    <subfield code="d">approximately 1080-1164</subfield>
  </datafield>
  <datafield tag="400" ind1="0" ind2=" ">
    <subfield code="w">nnea</subfield>
    <subfield code="a">Hugh,</subfield>
    <subfield code="c">of Amiens, Archbishop of Rouen,</subfield>
    <subfield code="d">ca. 1080-1164</subfield>
  </datafield>
  <datafield tag="400" ind1="0" ind2=" ">
    <subfield code="a">Hugh,</subfield>
    <subfield code="c">of Rouen, Archbishop of Rouen,</subfield>
    <subfield code="d">approximately 1080-1164</subfield>
  </datafield>
  <datafield tag="400" ind1="0" ind2=" ">
    <subfield code="a">Hugo Ambianensis, Archbishop of Rouen,</subfield>
    <subfield code="d">approximately 1080-1164</subfield>
  </datafield>
  <datafield tag="400" ind1="0" ind2=" ">
    <subfield code="a">Hugo,</subfield>
    <subfield code="c">de Ribodimonte, Archbishop of Rouen,</subfield>
    <subfield code="d">approximately 1080-1164</subfield>
  </datafield>
  <datafield tag="400" ind1="0" ind2=" ">
    <subfield code="a">Hugo,</subfield>
    <subfield code="c">of Amiens, Archbishop of Rouen,</subfield>
    <subfield code="d">approximately 1080-1164</subfield>
  </datafield>
  <datafield tag="400" ind1="0" ind2=" ">
    <subfield code="a">Hugo,</subfield>
    <subfield code="c">of Ribodimonte, Archbishop of Rouen,</subfield>
    <subfield code="d">approximately 1080-1164</subfield>
  </datafield>
  <datafield tag="400" ind1="0" ind2=" ">
    <subfield code="a">Hugo Ribomontensis, Archbishop of Rouen,</subfield>
    <subfield code="d">approximately 1080-1164</subfield>
  </datafield>
  <datafield tag="400" ind1="0" ind2=" ">
    <subfield code="a">Hugues,</subfield>
    <subfield code="c">d'Amiens, Archbishop of Rouen,</subfield>
    <subfield code="d">approximately 1080-1164</subfield>
  </datafield>
  <datafield tag="400" ind1="0" ind2=" ">
    <subfield code="a">Hugues,</subfield>
    <subfield code="c">of Amiens, Archbishop of Rouen,</subfield>
    <subfield code="d">approximately 1080-1164</subfield>
  </datafield>
  <datafield tag="667" ind1=" " ind2=" ">
    <subfield code="a">THIS 1XX FIELD CANNOT BE USED UNDER RDA UNTIL THIS RECORD HAS BEEN REVIEWED AND/OR UPDATED</subfield>
  </datafield>
  <datafield tag="667" ind1=" " ind2=" ">
    <subfield code="a">Not same as: Hugh, of Rouen, Saint, d. 730, no2010163131</subfield>
  </datafield>
  <datafield tag="670" ind1=" " ind2=" ">
    <subfield code="a">Hugonis Ambianensis sive Ribomontensis opuscula, 1880:</subfield>
    <subfield code="b">p. xiii (Hugo Ambianensis)</subfield>
  </datafield>
  <datafield tag="670" ind1=" " ind2=" ">
    <subfield code="a">OCLC, June 22, 2010</subfield>
    <subfield code="b">(hdgs.: Hugh, of Amiens, Archbishop of Rouen, ca. 1085-1164; Hugh, of Amiens, Saint, d. 1164; Hugo, of Amiens, Archbishop of Rouen; Hugo, of Ribodimonte, 12th cent.; Hugo, de Ribodimonte; Hugues, of Amiens, d. 1164; Hugues d'Amiens; Hugo Ambianensis; usage: Hugo Ambianensis)</subfield>
  </datafield>
  <datafield tag="670" ind1=" " ind2=" ">
    <subfield code="a">New Cath. encycl.</subfield>
    <subfield code="b">(Hugh of Amiens, Archbishop of Rouen, ca. 1080-1164)</subfield>
  </datafield>
  <datafield tag="670" ind1=" " ind2=" ">
    <subfield code="a">Dict. de theĚologie cath.</subfield>
    <subfield code="b">(Hugues d'Amiens; b. around 1080-1085)</subfield>
  </datafield>
  <datafield tag="670" ind1=" " ind2=" ">
    <subfield code="a">Chalmers, A.C. General biographical dict.</subfield>
    <subfield code="b">(Hugh of Amiens, also called Hugh of Rouen, ?-1164)</subfield>
  </datafield>
</record>